 
@article{haufe:2014,
title = "On the interpretation of weight vectors of linear models in multivariate neuroimaging ",
journal = "NeuroImage ",
volume = "87",
number = "0",
pages = "96 - 110",
year = "2014",
note = "",
author = "Stefan Haufe and Frank Meinecke and Kai Görgen and Sven Dähne and John-Dylan Haynes and Benjamin Blankertz and Felix Bießmann",
keywords = "Neuroimaging",
keywords = "Multivariate",
keywords = "Univariate",
keywords = "fMRI",
keywords = "\{EEG\}",
keywords = "Forward/backward models",
keywords = "Generative/discriminative models",
keywords = "Encoding",
keywords = "Decoding",
keywords = "Activation patterns",
keywords = "Extraction filters",
keywords = "Interpretability",
keywords = "Regularization",
keywords = "Sparsity "
}

@article{parra:2005,
  title={Recipes for the linear analysis of {EEG}},
  author={Parra, Lucas C and Spence, Clay D and Gerson, Adam D and Sajda, Paul},
  journal={Neuroimage},
  volume={28},
  number={2},
  pages={326--341},
  year={2005},
  publisher={Elsevier}
}

@article{haufe:2014b,
  title={Dimensionality reduction for the analysis of brain oscillations},
  author={Haufe, Stefan and D{\"a}hne, Sven and Nikulin, Vadim V},
  journal={NeuroImage},
  volume={101},
  pages={583--597},
  year={2014},
  publisher={Elsevier}
}

