@string{ica03 = "Proc. 4th International Symposium on Independent Component Analysis and Blind Signal Separation (ICA2003)"}
@string{nips01 = "Advances in Neural Information Processing Systems (NIPS 01)"}
