@string{procrsoclondamathphyssci = "Proceedings of the Royal Society of London. Series A: Mathematical and physical sciences"}
@string{bmcneurosci = "BMC Neuroscience"}
@string{patternrecognitlett = "Pattern Recognition Letters"}
@string{jneurolsci = "Journal of the Neurological Sciences"}
@string{hearingresearch = "Hearing Research"}
@string{amyotrophlateralscler = "Amyotrophic lateral sclerosis : official publication of the World Federation of Neurology Research Group on Motor Neuron Diseases"}
@string{procnatlacadsciusa = "Proceedings of the National Academy of Sciences of the United States of America"}
@string{procnatlinstsciindia = "Proceedings of the National Institute of Sciences of India, Part A"}
@string{fronthumneurosci = "Frontiers in Human Neuroscience"}
@string{intspetec = "International Journal of Speech Technology"}
@string{advinpsy = "Advances in Psychology"}
@string{advinpsychophysiol = "Advances in Psychophysiology"}
@string{audiology = "Audiology : official organ of the International Society of Audiology"}
@string{diagnostica = "Diagnostica"}
@string{visneurosci = "Visual Neuroscience"}
@string{jcomppsychol = "Journal of Comparative Psychology"}
@string{jmathpsychol = "Journal of Mathematical Psychology"}
@string{jpnjphysiol = "Japanese Journal of Physiology"}
@string{currdirpsycholsci = "Current Directions in Psychological Science"}
@string{vidjcompvisres = "Videre: A Journal of Computer Vision Research"}Videre A J. Comput. Vis. Res.
@string{compj = "The Computer Journal"}
@string{cvgipimunderst = "CVGIP Image Understandanding"}
@string{compvisimunderst = "Computer Vision and Image Understanding"}
@string{intjcompvis = "International Journal of Computer Vision"}
@string{cogaffbehneurosci = "Cognitive, Affective, \& Behavioral Neuroscience"}
@string{biolrevcambphilsoc = "Biological reviews of the Cambridge Philosophical Society"}
@string{bellsystechj = "Bell Systems Technical Journal"}
@string{bullpsychonsoc = "Bulletin of the Psychonomic Society"}
@string{behproc = "Behavioural Processes"}
@string{attpercpsychophys = "Attention, Perception, \& Psychophysics"}
@string{amjpsychol = "American Journal of Psychology"}
@string{intjpsychol = "International journal of psychology : Journal international de psychologie"}
@string{jexpchildpsychol = "Journal of Experimental Child Psychology"}
@string{joptsocama = "Journal of the Optical Society of America A"}
@string{joptsocamb = "Journal of the Optical Society of America B"}
@string{amnat = "The American Naturalist"}
@string{psychonbullrev = "Psychonomic Bulletin \& Review"}
@string{philtransroysocb = "Philosophical Transactions of the Royal Society B: Biological Sciences"}
@string{psycholforsch = "Psychologische Forschung"}
@string{procroysocb = "Proceedings of the Royal Society B: Biological Sciences"}
@string{cogpsycho = "Cognitive Psychology"}
@string{percpsycho = "Perception \& Psychophysics"}
@string{intjhumcomst = "International Journal of Human-Computer Studies"}
@string{jintegneuro = "Journal of Integrative Neuroscience"}
@string{uniaccinfsoc = "Universal Access in the Information Society"}
@string{behavbrainfunct = "Behavioral and Brain Functions"}
@string{behavbrainsci = "Behavioral and Brain Sciences"}
@string{frontneuropro = "Frontiers in Neuroprosthetics"}
@string{frontneurosci = "Frontiers in Neuroscience"}
@string{frontcomputneurosci = "Frontiers in Computational Neuroscience"}
@string{frontneuroinf = "Frontiers in Neuroinformatics"}
@string{animcog = "Animal Cognition"}
@string{ausjpsychol = "Australian Journal of Psychology"}
@string{psycholscience = "Psychological Science"}
@string{spatvision = "Spatial Vision"}
@string{visualcog = "Visual Cognition"}
@string{jvision = "Journal of Vision"}
@string{biometrika = "Biometrika"}
@string{braintopogr = "Brain Topography"}
@string{psychometrika = "Psychometrika"}
@string{jasa = "Journal of the American Statistical Association"}
@string{jamerstatistassoc = "Journal of the American Statistical Association"}
@string{jucs="Journal of Universal Computer Science"}
@string{ijhcs = "International Journal of Human-Computer Studies"}
@string{lancetneurol = "Lancet neurology"}
@string{sciprogra = "Scientific Programming"}
@string{electroencephalogrclinneurophysiol = "Electroencephalography and clinical neurophysiology"}
@string{neuroscibehavphysiol = "Neuroscience and behavioral physiology"}
@string{procnatlacadsciusa = "Proceedings of the National Academy of Sciences of the United States of America"}
@string{clinneurophysiol = "Clinical neurophysiology : official journal of the International Federation of Clinical Neurophysiology"}
@string{jneuroscimethods = "Journal of neuroscience methods"}
@string{expertrevmeddevices = "Expert review of medical devices"}
@string{ijbem = "International Journal of Bioelectromagnetism"}
@string{ijbc = "International Journal of Bifurcation and Chaos"}
@string{intjpsychophysiol = "International Journal of Psychophysiology"}
@string{sciprog = "Scientific Programming"}
@string{ieeetransbiomedeng = "IEEE Transactions on Biomedical Engineering"}
@string{ieeetransimageprocess = "IEEE Transactions on Image Processing"}

@string{neuroscilett = "Neuroscience letters"}
@string{science = "Science (New York, N.Y.)"}
@string{investophthalmolvissci = "Investigative ophthalmology \& visual science"}
@string{neuroimage = "NeuroImage"}
@string{medengphys = "Medical engineering \& physics"}
@string{ieeetransrehabileng = "IEEE transactions on rehabilitation engineering"}
% : a publication of the IEEE Engineering in Medicine and Biology Society"}
@string{sensactuatorsaphys = "Sensors and actuators. A, Physical"}
@string{jphysiol = "The Journal of Physiology"}
@string{expbrainres = "Experimental brain research. Experimentelle Hirnforschung. Experimentation cerebrale"}
@string{jscimedsport = "Journal of science and medicine in sport / Sports Medicine Australia"}
@string{jrehabilresdevclinsuppl = "Journal of rehabilitation research and development. Clinical supplement / Veterans Administration"}
@string{biolcybern = "Biological cybernetics"}
@string{jneurosci = "The Journal of neuroscience : the official journal of the Society for Neuroscience"}
@string{eurjneurosci = "The European journal of neuroscience"}
@string{computintellneurosci = "Computational intelligence and neuroscience"}
@string{psychophysiology = "Psychophysiology"}
@string{archpsychiatrnervenkr = "Archiv fur Psychiatrie und Nervenkrankheiten"}
@string{ieeeengmedbiolmag = "IEEE engineering in medicine and biology magazine : the quarterly magazine of the Engineering in Medicine \& Biology Society"}
@string{neuroscientist = "The Neuroscientist : a review journal bringing neurobiology, neurology and psychiatry"}
@string{physiolrev = "Physiological Reviews"}
@string{nature = "Nature"}
@string{ieeetransneuralsystrehabileng = "IEEE Transactions on Neural Systems and Rehabilitation Engineering"}
@string{progbrainres = "Progress in brain research"}
@string{confprocieeeengmedbiolsoc = "Annual International Conference of the IEEE Engineering in Medicine and Biology Society"}
@string{brainres = "Brain Research"}
@string{jneurophysiol = "Journal of Neurophysiology"}
@string{cognition = "Cognition"}
@string{plosbiol = "PLoS biology"}
@string{plosone = "PLoS ONE"}
@string{ieeetransinftechnolbiomed = "IEEE transactions on information technology in biomedicine : a publication of the IEEE Engineering in Medicine and Biology Society"}
@string{jneuraleng = "Journal of Neural Engineering"}
@string{jneuroengrehabil = "Journal of NeuroEngineering and Rehabilitation"}
@string{ieeetransnuclsci = "IEEE transactions on nuclear science"}
@string{behavresmethodsinstrumcomput = "Behavior research methods, instruments, \& computers : a journal of the Psychonomic Society, Inc"}
@string{IRIE = "International Review of Information Ethics"}
@string{biolpsychol = "Biological Psychology"}
@string{physmedbiol = "Physics in medicine and biology"}
@string{neurophysiolclin = "Neurophysiologie clinique = Clinical neurophysiology"}
@string{humbrainmapp = "Human brain mapping"}
@string{braincogn = "Brain and cognition"}
@string{neuropsychologia = "Neuropsychologia"}
@string{jneurolneurosurgpsychiatry = "Journal of neurology, neurosurgery, and psychiatry"}
@string{jcompneurol = "The Journal of Comparative Neurology"}
@string{jclinpsychiatry = "Journal clinical psychiatry"}
@string{actapsycholamst = "Acta Psychologica"}
@string{neurocomputing = "Neurocomputing"}
@string{cerebcortex = "Cerebral cortex (New York, N.Y. : 1991)"}
@string{physrevestatphysplasmasfluidsrelatinterdisciptopics = "Physical review. E, Statistical physics, plasmas, fluids, and related interdisciplinary topics"}
@string{natneurosci = "Nature neuroscience"}
@string{medbiolengcomput = "Medical \& biological engineering \& computing"}
@string{trendscognsci = "Trends in cognitive sciences"}
@string{cognbrainres = "Cognitive brain research"}
@string{neuroreport = "Neuroreport"}
@string{zexppsychol = "Zeitschrift fur experimentelle Psychologie : Organ der Deutschen Gesellschaft fur Psychologie"}
@string{trendsneurosci = "Trends in neurosciences"}
@string{exppsychol = "Experimental psychology"}Exp. Psychol. 
@string{jexppsychol = "Journal of experimental psychology"}
@string{jexppsycholgen = "Journal of experimental psychology. General"}
@string{jneurosurg = "Journal of neurosurgery"}
@string{applpsychophysiolbiofeedback = "Applied psychophysiology and biofeedback"}
@string{brainresbull = "Brain research bulletin"}
@string{electromyogrclinneurophysiol = "Electromyography and clinical neurophysiology"}
@string{humfactors = "Human factors: The journal of the human factors and ergonomics society"}
@string{visionres = "Vision Research"}
@string{neuron = "Neuron"}
@string{neurology = "Neurology"}
@string{jmicroelectromechsyst = "Journal of microelectromechanical systems : a joint IEEE and ASME publication on microstructures, microactuators, microsensors, and microsystems"}
@string{wienmedwochenschr = "Wiener medizinische Wochenschrift (1946)"}
@string{brainresbrainresrev = "Brain research. Brain research reviews"}
@string{jmachlearnres = "Journal of machine learning research : JMLR"}
@string{annnyacadsci = "Annals of the New York Academy of Sciences"}
@string{brainrescognbrainres = "Brain research. Cognitive brain research"}
@string{accidanalprev = "Accident analysis \& prevention"}
@string{applphyslett = "Applied physics letters"}
@string{measscitechnol = "Measurement science \& technology"}
@string{currbiol = "Current biology : CB"}
@string{jperssocpsychol = "Journal of personality and social psychology"}
@string{chaos = "Chaos (Woodbury, N.Y.)"}
@string{amjelectroneurodiagnostictechnol = "American journal of electroneurodiagnostic technology"}
@string{pharmakopsychiatrneuropsychopharmakol = "Pharmakopsychiatrie, Neuro-Psychopharmakologie"}
@string{psycholrev = "Psychological Review"}
@string{zkinderjugendpsychiatrpsychother = "Zeitschrift fur Kinder- und Jugendpsychiatrie und Psychotherapie"}
@string{progneurobiol = "Progress in neurobiology"}
@string{computbiolmed = "Computers in biology and medicine"}
@string{jmentimg = "Journal of Mental Imagery"}
@string{archneurolpsychiatry = "Archives of neurology and psychiatry"}
@string{qjexppsychol = "The Quarterly Journal of experimental psychology"}
@string{curropinneurobiol = "Current opinion in neurobiology"}
@string{intjhumcomputstud = "International Journal of human-computer studies"}
@string{curropinneurol = "Current opinion in neurology"}
@string{lancet = "Lancet"}
@string{neuroscience = "Neuroscience"}
@string{physiolmeas = "Physiological measurement"}
@string{zexpangewpsychol = "Zeitschrift fur experimentelle und angewandte Psychologie"}
@string{brainresrev = "Brain research reviews"}
@string{jcognneurosci = "Journal of cognitive neuroscience"}
@string{pflugersarch = "Pflugers Archiv : European Journal of physiology"}
@string{natrevneurosci = "Nature reviews. Neuroscience"}
@string{expagingres = "Experimental aging research"}
@string{epilepsia = "Epilepsia"}
@string{annurevpsychol = "Annual Review of Psychology"}
@string{jexppsycholhumperceptperform = "Journal of Experimental Psychology: Human perception and performance"}
@string{intrevneurobiol = "International review of neurobiology"}
@string{psycholbull = "Psychological bulletin"}
@string{archphysmedrehabil = "Archives of physical medicine and rehabilitation"}
@string{eurasipjapplsignalprocessing = "EURASIP journal on applied signal processing"}
@string{advneuralinfprocesssyst = "Advances in neural information processing systems"}
@string{jmultivaranal = "Journal of multivariate analysis"}
@string{psychiatryclinneurosci = "Psychiatry and clinical neurosciences"}
@string{neuralcomput = "Neural Computation"}
@string{jphysiolparis = "Journal of Physiology, Paris"}
@string{neurorehabilneuralrepair = "Neurorehabilitation and neural repair"}
@string{socneurosciabstr = "Society for Neuroscience Abstracts"}
@string{biomedtech = "Biomedizinische Technik"}
@string{biomedtechberl = "Biomedizinische Technik. Biomedical engineering"}
@string{canjexppsychol = "Canadian journal of experimental psychology = Revue canadienne de psychologie experimentale"}
@string{leonardomusicj = "Leonardo Music Journal"}
@string{brjpsychol = "British journal of psychology (London, England : 1953)"}
@string{intjneurosci = "The International journal of neuroscience"}
@string{physrevestatnonlinsoftmatterphys = "Physical review. E, Statistical, nonlinear, and soft matter physics"}
@string{psycholmed = "Psychological medicine"}
@string{jclinneurophysiol = "Journal of clinical neurophysiology : official publication of the American Electroencephalographic Society"}
@string{jclinneurosci = "Journal of clinical neuroscience : official journal of the Neurosurgical Society of Australasia"}
@string{actaneurobiolexpwars = "Acta neurobiologiae experimentalis"}
@string{artifintell = "Artificial intelligence"}
@string{compmusicj = "Computer Music Journal"}
@string{ieeetranspatternanalmachintell = "IEEE transactions on pattern analysis and machine intelligence"}
@string{ieeetransinftheory = "IEEE transactions on information theory"}
@string{machlearning = "Machine Learning"}
@string{trendscardiovascmed = "Trends in cardiovascular medicine"}
@string{hummovsci = "Human movement science"}
@string{ieeetranssignalprocess = "IEEE transactions on signal processing : a publication of the IEEE Signal Processing Society"}
@string{fronthumneurosci = "Frontiers in human neuroscience"}
@string{brainresbrainresprotoc = "Brain research. Brain research protocols"}
@string{clineegneurosci = "Clinical EEG and neuroscience : official journal of the EEG and Clinical Neuroscience Society (ENCS)"}
@string{radiology = "Radiology"}
@string{patternrecognitlett = "Pattern recognition letters"}
@string{patternrecognit = "Pattern Recognition"}
@string{perceptmotskills = "Perceptual and motor skills"}
@string{actaneuropathol = "Acta neuropathologica"}
@string{brain = "Brain : a journal of neurology"}
@string{ieeesignalprocessmag = "IEEE Signal Processing Magazine"}
@string{magnresonimaging = "Magnetic resonance imaging"}
@string{neuralnetw = "Neural networks : the official journal of the International Neural Network Society"}
@string{theorybiosci = "Theory in biosciences = Theorie in den Biowissenschaften"}
@string{rehabilitation = "Rehabilitation"}
@string{signalprocessing = "Signal processing"}
@string{ieeetransneuralnetw = "IEEE transactions on neural networks / a publication of the IEEE Neural Networks Council"}
@string{jexppsycholappl = "Journal of experimental psychology. Applied"}
@string{aerospmed = "Aerospace medicine"}
@string{biofeedbackselfregul = "Biofeedback and self-regulation"}
@string{behavbrainres = "Behavioural brain research"}
@string{neurolclinneurophysiol = "Neurology \& clinical neurophysiology : NCN"}
@string{statapplgenetmolbiol = "Statistical applications in genetics and molecular biology"}
@string{jacoustsocam = "The Journal of the Acoustical Society of America"}
@string{neuroscires = "Neuroscience research"}
@string{jmicrosc = "Journal of microscopy"}
@string{physicad = "Physica D. Nonlinear phenomena"}
@string{jmicrocomp = "Journal of Microcomputer Applications"}
@string{perception = "Perception"}
@string{ergonomics = "Ergonomics"}
@string{annurevbiophys = "Annual review of biophysics"}
@string{physrevlett = "Physical review letters"}
@string{childadolescpsychiatrclinnam = "Child and adolescent psychiatric clinics of North America"}
@string{psycholres = "Psychological Research"}
@string{ploscompbiol = {PLoS Comput Biol}}
@string{ieeejseltopsignalprocess = "IEEE Journal of Selected Topics in Signal Processing"}
@string{docophthal = "Documenta Ophthalmologica"}
