@string{procrsoclondamathphyssci = "Proc R Soc Lond A"}
@string{bmcneurosci = "BMC Neurosci"}
@string{jneurolsci = "J Neurol Sci"}
@string{hearingresearch = "Hear Res"}
@string{amyotrophlateralscler = "Amyotroph Lateral Scler"}
@string{procnatlacadsciusa = "Proc Natl Acad Sci U S A"}
@string{procnatlinstsciindia = "Proc Natl Inst Sci India"}
@string{psychophysiology = "Psychophysiology"}
@string{intjpsychophysiol = "Int J Psychophysiol"}
@string{fronthumneurosci = "Frontiers Human Neurosci"}
@string{intspetec = "Int J Speech Tech"}
@string{advinpsy = "Adv Psychol"}
@string{advinpsychophysiol = "Adv Psychophysiol"}
@string{audiology = "Audiology"}
@string{diagnostica = "Diagnostica"}
@string{visneurosci = "Vis Neurosci"}
@string{jcomppsychol = "J Comp Psychol"}
@string{jmathpsychol = "J Math Psychol"}
@string{jpnjphysiol = "Jpn J Physiol"}
@string{currdirpsycholsci = "Curr Dir Psychol Sci"}
@string{vidjcompvisres = "Videre A J Comput Vis Res"}
@string{compj = "Comp J"}
@string{cvgipimunderst = "CVGIP Image Understand"}
@string{compvisimunderst = "Comp Vis Im Underst"}
@string{intjcompvis = "Int J Comp Vis"}
@string{cogaffbehneurosci = "Cogn Affec Behav Neurosci"}
@string{biolrevcambphilsoc = "Biol Rev Cambridge Phil Soc"}
@string{bellsystechj = "Bell Syst Tech J"}
@string{bullpsychonsoc = "Bull Psychonomic Soc"}
@string{behproc = "Beh Process"}
@string{attpercpsychophys = "Atten Percept Psychophys"}
@string{amjpsychol = "Am J Psychol"}
@string{jexpchildpsychol = "J Exp Child Psychol"}
@string{joptsocama = "J Opt Soc Am A"}
@string{joptsocamb = "J Opt Soc Am B"}
@string{amnat = "Am Nat"}
@string{psychonbullrev = "Psychonomic Bull Rev"}
@string{philtransroysocb = "Phil Trans Roy Soc London B"}
@string{psycholforsch = "Psychol Forsch"}
@string{procroysocb = "Proc Roy Soc London B"}
@string{cogpsycho = "Cog Psychol"}
@string{percpsycho = "Perc Psychophys"}
@string{intjhumcomst = "Int J Hum Comput Stud"}
@string{intjpsychol = "Int J Psychology"}
@string{jintegneuro = "J Integ Neuroscience"}
@string{uniaccinfsoc = "Univ Access Inf Soc"}
@string{behavbrainfunct = "Behav Brain Funct"}
@string{behavbrainsci = "Behav Brain Sci"}
@string{frontneuropro = "Front Neuroprosthetics"}
@string{frontneurosci = "Front Neuroscience"}
@string{frontneuroinf = "Front Neuroinformatics"}
@string{frontcomputneurosci = "Front Comput Neurosci"}
@string{animcog = "Anim Cog"}
@string{ausjpsychol = "Aus J Psychol"}
@string{psycholscience = "Psychol Sci"}
@string{spatvision = "Spat Vis"}
@string{viscog = "Vis Cog"}
@string{jvis = "J Vis"}
@string{ploscompbiol = "PLoS Comput Biol"}
@string{jvision = "J Vision"}
@string{biometrika = "Biometrika"}
@string{braintopogr = "Brain Topogr"}
@string{psychometrika = "Psychometrika"}
@string{jamerstatistassoc = "J Amer Statist Assoc"}
@string{jucs="J Universal Computer Sci"}
@string{intjhumcompstudies = "Int J Hum Comp Studies"}
@string{lancetneurol = "Lancet Neurol"}
@string{sciprogra = "Sci Progra"}
@string{electroencephalogrclinneurophysiol = "Electroencephalogr Clin Neurophysiol"}
@string{neuroscibehavphysiol = "Neurosci Behav Physiol"}
@string{procnatlacadsciusa = "Proc Natl Acad Sci U S A"}
@string{clinneurophysiol = "Clin Neurophysiol"}
@string{jneuroscimethods = "J Neurosci Methods"}
@string{expertrevmeddevices = "Expert Rev Med Devices"}
@string{ijbem = "Int J Bioelectromagnetism"}
@string{ijbc = "Int J Bif Chaos"}
@string{intjpsychophysiol = "Int J Psychophysiol"}
@string{sciprog = "Sci Prog"}
@string{ieeetransbiomedeng = "IEEE Trans Biomed Eng"}
@string{neuroscilett = "Neurosci Lett"}
@string{science = "Science"}
@string{investophthalmolvissci = "Invest Ophthalmol Vis Sci"}
@string{neuroimage = "Neuroimage"}
@string{medengphys = "Med Eng Phys"}
@string{ieeetransrehabileng = "IEEE Trans Rehabil Eng"}
@string{sensactuatorsaphys = "Sens Actuators A Phys"}
@string{jphysiol = "J Physiol"}
@string{expbrainres = "Exp Brain Res"}
@string{jscimedsport = "J Sci Med Sport"}
@string{jrehabilresdevclinsuppl = "J Rehabil Res Dev Clin Suppl"}
@string{biolcybern = "Biol Cybern"}
@string{jneurosci = "J Neurosci"}
@string{eurjneurosci = "Eur J Neurosci"}
@string{computintellneurosci = "Comput Intell Neurosci"}
@string{archpsychiatrnervenkr = "Arch Psychiatr Nervenkr"}
@string{ieeeengmedbiolmag = "IEEE Eng Med Biol Mag"}
@string{neuroscientist = "Neuroscientist"}
@string{physiolrev = "Physiol Rev"}
@string{nature = "Nature"}
@string{ieeetransneuralsystrehabileng = "IEEE Trans Neural Syst Rehabil Eng"}
@string{ieeetransimageprocess = "IEEE Trans Image Process"}
@string{progbrainres = "Prog Brain Res"}
@string{confprocieeeengmedbiolsoc = "Conf Proc IEEE Eng Med Biol Soc"}
@string{brainres = "Brain Res"}
@string{jneurophysiol = "J Neurophysiol"}
@string{cognition = "Cognition"}
@string{plosbiol = "PLoS Biol"}
@string{plosone = "PLoS ONE"}
@string{ieeetransinftechnolbiomed = "IEEE Trans Inf Technol Biomed"}
@string{jneuraleng = "J Neural Eng"}
@string{jneuroengrehabil = "J Neuroeng Rehabil"}
@string{ieeetransnuclsci = "IEEE Trans Nucl Sci"}
@string{behavresmethodsinstrumcomput = "Behav Res Methods Instrum Comput"}
@string{IRIE = "IRIE"}
@string{biolpsychol = "Biol Psychol"}
@string{physmedbiol = "Phys Med Biol"}
@string{neurophysiolclin = "Neurophysiol Clin"}
@string{humbrainmapp = "Hum Brain Mapp"}
@string{braincogn = "Brain Cogn"}
@string{neuropsychologia = "Neuropsychologia"}
@string{jneurolneurosurgpsychiatry = "J Neurol Neurosurg Psychiatry"}
@string{jclinpsychiatry = "Journal Clin Psychiatry"}
@string{actapsycholamst = "Acta Psychol (Amst)"}
@string{neurocomputing = "Neurocomputing"}
@string{cerebcortex = "Cereb Cortex"}
@string{physrevestatphysplasmasfluidsrelatinterdisciptopics = "Phys Rev E Stat Phys Plasmas Fluids Relat Interdiscip Topics"}
@string{natneurosci = "Nat Neurosci"}
@string{medbiolengcomput = "Med Biol Eng Comput"}
@string{trendscognsci = "Trends Cogn Sci"}
@string{cognbrainres = "Cogn Brain Res"}
@string{neuroreport = "Neuroreport"}
@string{zexppsychol = "Z Exp Psychol"}
@string{trendsneurosci = "Trends Neurosci"}
@string{exppsychol = "Exp Psychol"}
@string{jexppsychol = "J Exp Psychol"}
@string{jexppsycholgen = "J Exp Psychol Gen"}
@string{jneurosurg = "J Neurosurg"}
@string{applpsychophysiolbiofeedback = "Appl Psychophysiol Biofeedback"}
@string{brainresbull = "Brain Res Bull"}
@string{electromyogrclinneurophysiol = "Electromyogr Clin Neurophysiol"}
@string{humfactors = "Hum Factors"}
@string{visionres = "Vision Res"}
@string{neuron = "Neuron"}
@string{neurology = "Neurology"}
@string{jmicroelectromechsyst = "J Microelectromech Syst"}
@string{wienmedwochenschr = "Wien Med Wochenschr"}
@string{brainresbrainresrev = "Brain Res Brain Res Rev"}
@string{jmachlearnres = "J Mach Learn Res"}
@string{annnyacadsci = "Ann N Y Acad Sci"}
@string{brainrescognbrainres = "Brain Res Cogn Brain Res"}
@string{accidanalprev = "Accid Anal Prev"}
@string{applphyslett = "Appl Phys Lett"}
@string{measscitechnol = "Meas Sci Technol"}
@string{currbiol = "Curr Biol"}
@string{jperssocpsychol = "J Pers Soc Psychol"}
@string{chaos = "Chaos"}
@string{amjelectroneurodiagnostictechnol = "Am J Electroneurodiagnostic Technol"}
@string{pharmakopsychiatrneuropsychopharmakol = "Pharmakopsychiatr Neuropsychopharmakol"}
@string{psycholrev = "Psychol Rev"}
@string{zkinderjugendpsychiatrpsychother = "Z Kinder Jugendpsychiatr Psychother"}
@string{progneurobiol = "Prog Neurobiol"}
@string{computbiolmed = "Comput Biol Med"}
@string{jmentimg = "J Ment Img"}
@string{archneurolpsychiatry = "Arch Neurol Psychiatry"}
@string{qjexppsychol = "Q J Exp Psychol"}
@string{curropinneurobiol = "Curr Opin Neurobiol"}
@string{intjhumcomputstud = "Int J Hum Comput Stud"}
@string{curropinneurol = "Curr Opin Neurol"}
@string{lancet = "Lancet"}
@string{neuroscience = "Neuroscience"}
@string{physiolmeas = "Physiol Meas"}
@string{zexpangewpsychol = "Z Exp Angew Psychol"}
@string{brainresrev = "Brain Res Rev"}
@string{jcognneurosci = "J Cogn Neurosci"}
@string{pflugersarch = "Pflugers Arch"}
@string{natrevneurosci = "Nat Rev Neurosci"}
@string{expagingres = "Exp Aging Res"}
@string{epilepsia = "Epilepsia"}
@string{annurevpsychol = "Annu Rev Psychol"}
@string{jexppsycholhumperceptperform = "J Exp Psychol Hum Percept Perform"}
@string{intrevneurobiol = "Int Rev Neurobiol"}
@string{psycholbull = "Psychol Bull"}
@string{archphysmedrehabil = "Arch Phys Med Rehabil"}
@string{eurasipjapplsignalprocessing = "EURASIP J Appl Signal Processing"}
@string{advneuralinfprocesssyst = "Adv Neural Inf Process Syst"}
@string{jmultivaranal = "J Multivar Anal"}
@string{psychiatryclinneurosci = "Psychiatry Clin Neurosci"}
@string{neuralcomput = "Neural Comput"}
@string{jphysiolparis = "J Physiol Paris"}
@string{neurorehabilneuralrepair = "Neurorehabil Neural Repair"}
@string{socneurosciabstr = "Soc Neurosci Abstr"}
@string{biomedtech = "Biomed Tech"}
@string{biomedtechberl = "Biomed Tech (Berl)"}
@string{canjexppsychol = "Can J Exp Psychol"}
@string{leonardomusicj = "Leonardo Music J"}
@string{brjpsychol = "Br J Psychol"}
@string{intjneurosci = "Int J Neurosci"}
@string{physrevestatnonlinsoftmatterphys = "Phys Rev E Stat Nonlin Soft Matter Phys"}
@string{psycholmed = "Psychol Med"}
@string{jclinneurophysiol = "J Clin Neurophysiol"}
@string{jclinneurosci = "J Clin Neurosci"}
@string{actaneurobiolexpwars = "Acta Neurobiol Exp (Wars)"}
@string{artifintell = "Artif intell"}
@string{compmusicj = "Comp Music J"}
@string{ieeetranspatternanalmachintell = "IEEE Trans Pattern Anal Mach Intell"}
@string{ieeetransinftheory = "IEEE Trans Inf Theory"}
@string{machlearning = "Machine Learning"}
@string{trendscardiovascmed = "Trends Cardiovasc Med"}
@string{hummovsci = "Hum Mov Sci"}
@string{ieeetranssignalprocess = "IEEE Trans Signal Process"}
@string{fronthumneurosci = "Front Hum Neurosci"}
@string{brainresbrainresprotoc = "Brain Res Brain Res Protoc"}
@string{clineegneurosci = "Clin EEG Neurosci"}
@string{radiology = "Radiology"}
@string{patternrecognitlett = "Pattern Recognit Lett"}
@string{patternrecognit = "Pattern Recognit"}
@string{perceptmotskills = "Percept Mot Skills"}
@string{actaneuropathol = "Acta Neuropathol"}
@string{brain = "Brain"}
@string{ieeesignalprocessmag = "IEEE Signal Process Mag"}
@string{magnresonimaging = "Magn Reson Imaging"}
@string{neuralnetw = "Neural Netw"}
@string{theorybiosci = "Theory Biosci"}
@string{rehabilitation = "Rehabilitation"}
@string{signalprocessing = "Signal Processing"}
@string{ieeetransneuralnetw = "IEEE Trans Neural Netw"}
@string{jexppsycholappl = "J Exp Psychol Appl"}
@string{aerospmed = "Aerosp Med"}
@string{biofeedbackselfregul = "Biofeedback Self Regul"}
@string{behavbrainres = "Behav Brain Res"}
@string{neurolclinneurophysiol = "Neurol Clin Neurophysiol"}
@string{statapplgenetmolbiol = "Stat Appl Genet Mol Biol"}
@string{jacoustsocam = "J Acoust Soc Am"}
@string{neuroscires = "Neurosci Res"}
@string{jmicrosc = "J Microsc"}
@string{physicad = "Physica D"}
@string{jmicrocomp = "J Microcomp App"}
@string{perception = "Perception"}
@string{ergonomics = "Ergonomics"}
@string{annurevbiophys = "Annu Rev Biophys"}
@string{physrevlett = "Phys Rev Lett"}
@string{childadolescpsychiatrclinnam = "Child Adolesc Psychiatr Clin N Am"}
@string{psycholres = "Psychol Res"}
@string{ieeejseltopsignalprocess = "IEEE J Sel Top Sig Process"}
@string{jcompneurol = "J Comp Neurol"}
@string{docophthal = "Doc Ophthal"}

