%
% This file exists only for compatibility reasons.
% Use {journal_macros_short,conference_macros} instead.
%
@string{actaneurobiol = "Acta Neurobiol. Exp."}
@string{annnyacadsci = "Ann. N. Y. Acad. Sci."}
@string{applpsycho = "Appl. Psychophysiol. Biofeedback"}
@string{archphysmed = "Arch. Phys. Med. Rehabil."}
@string{behavbr = "Behav. Brain Res."}
@string{behavres = "Behav. Res. Methods Instrum. Comput."}
@string{biofeed = "Biofeedback and Self-Regulation"}
@string{biolcybern = "Biol. Cybern."}
@string{biomed = "Biomed. Technik"}
@string{biopsy = "Biol. Psychol."}
@string{braincogn = "Brain Cogn."}
@string{brres = "Brain Res."}
@string{brresrev = "Brain Res. Rev."}
@string{brtop = "Brain Topogr."}
@string{canjexppsychol = "Can. J. Exp. Psychol."}
@string{cbr = "Cog. Brain Res."}
@string{cerebralcortex = "Cerebral Cortex"}
@string{cnp = "Clin. Neurophysiol."}
@string{curropinneurobiol = "Curr. Opin. Neurobiol."}
@string{ebr = "Exp. Brain Res."}
@string{ecn = "Electroencephalogr. Clin. Neurophysiol."}
@string{ejns = "Eur. J. Neurosci."}
@string{humbrainmapp = "Hum. Brain Mapp."}
@string{ieeetre = "IEEE Trans. Rehab. Eng."}
@string{ieeetnn = "IEEE Trans. Neural Networks"}
@string{ieeetnsre = "IEEE Trans. Neural Sys. Rehab. Eng."}
@string{ieeetbme = "IEEE Trans. Biomed. Eng."}
@string{ijbc = "Int. J. Bif. Chaos"}
@string{ijpp = "Int. J. Psychophysiol."}
@string{ijns = "Int. J. Neurosci."}
@string{intjpsychophysiol = "Int. J. Psychophysiol."}
@string{iovs = "Invest. Ophthalmol. Vis. Sci."}
@string{jcn = "J. Clin. Neurophysiol."}
@string{jcns = "J. Cogn. Neurosci."}
@string{jexppsycholgen = "J. Exp. Psychol. Gen."}
@string{jnp = "J. Neurophysiol."}
@string{jns = "J. Neurosci."}
@string{jperssocpsychol="J. Personal. Social Psychol."}
@string{jcns = "J. Cogn. Neurosci."}
@string{mbec = "Med. Biol. Eng. Comput."}
@string{meddecmak = "Med. Dec. Making"}
@string{measscitechnol= "Meas. Sci. Technol."}
@string{natrevneurosci = "Nat. Rev. Neurosci."}
@string{neuroimage = "NeuroImage"}
@string{neuropsychol = "Neuropsychologia"}
@string{neuropsycholclin = "Neuropsychol. Clin."}
@string{neurorep = "NeuroReport"}
@string{ns = "Neuroscience"}
@string{nsbehavphysiol = "Neurosci. Behav. Physiol."}
@string{nslett = "Neurosci. Lett."}
@string{nsr = "Neurosci. Res."}
@string{pcn = "Psych. Clin. Neuroscience"}
@string{physiolrev = "Physiol. Rev."}
@string{pms = "Percept. Mot. Skills"}
@string{pin = "Prog. in Neurobio."}
@string{pnas = "Proc. Natl. Acad. Sci. USA"}
@string{psybul = "Psychol. Bull."}
@string{psymed = "Psychol. Med."}
@string{psyres = "Psychol. Res."}
@string{psyphys = "Psychophysiology"}
@string{qjexppsychol = "Q. J. Exp. Psychol."}
@string{socneurosciabstr = "Soc. Neurosci. Abstr."}
@string{tbs = "Theory Bioscienc."}
@string{trendsneurosci = "Trends Neurosci."}

@string{pl = "Phys. Lett."}
@string{pla = "Phys. Lett. A"}
@string{plb = "Phys. Lett. B"}
@string{prep = "Phys. Rep."}
@string{prl = "Phys. Rev. Lett."}
@string{pr = "Phys. Rev."}
@string{physrev = "Phys. Rev."}
@string{pra = "Phys. Rev. A"}
@string{prb = "Phys. Rev. B"}
@string{prc = "Phys. Rev. C"}
@string{prd = "Phys. Rev. D"}
@string{pre = "Phys. Rev. E"}

@string{mlearn = "Machine Learning"}
@string{ncomp = "Neural Comput."}
@string{jasa = "J. Amer. Statist. Assoc."}
@string{ica03 = "Proc. 4th International Symposium on Independent Component Analysis and Blind Signal Separation (ICA2003)"}
@string{nips01 = "Advances in Neural Information Processing Systems (NIPS 01)"}
